3567 5500
1757 581 2156 644 -178—

779 766 1254 825 tormentormn
1304 760 1641 828 durabant
1689 782 1803 845 per
1844 759 1851 843 Ι
1894 760 2194 845 singulas
2246 766 2470 824 noctes
2518 780 2559 822 a
2604 755 2886 822 secunda
2931 753 3118 819 domi-

779 867 930 932 nica
980 863 1155 931 xmev
1197 893 1378 943 usque
1418 877 1476 929 in
1517 882 1762 934 noctem.
1801 889 1932 951 que
1982 873 2269 932 estante
2311 863 2325 955 Ι
2359 872 2610 931 sextam
2635 864 2675 946 ¹)
2710 864 2941 929 feriam
2986 881 3120 947 pre·
3167 884 3213 922 ιε,

778 973 1059 1051 dictam3
1138 997 1212 1039 m
1284 975 1397 1039 illa
1466 976 1634 1040 eni-m
1710 983 1900 1040 nocte
1966 974 2245 1059 uirginis
2287 973 2295 1060 Ι
2337 994 2569 1058 pugna
2614 993 2763 1037 cum
2808 977 3123 1036 tortorum

1281 1103 1556 1147 numero
1605 1082 1961 1156 crescebat,
2014 1080 2345 1165 siquidem
2394 1103 2487 1144 xx
2530 1078 2538 1163 Ι
2580 1086 2647 1145 et
2692 1101 2766 1142 VI
2810 1077 3123 1143 demones

1280 1187 1506 1253 eadem
1576 1197 1769 1253 nocte
1833 1188 1916 1254 ad
1967 1187 2381 1273 puniendum
2406 1185 2451 1269 ²)
2497 1187 2709 1271 ipsam
2760 1203 3120 1271 congsurge-

778 1295 955 1360 bant.
1050 1295 1222 1361 inter
1281 1322 1426 1371 quos
1487 1296 1581 1360 illi
1608 1294 1655 1377 ⁸)
1724 1295 1859 1361 duo
1906 1295 2222 1361 demones
2268 1294 2341 1359 in
2388 1294 2598 1380 specie
2644 1294 2922 1358 fratrum
2968 1285 3118 1375 pre—1

778 1401 1146 1467 dicatorum
1166 1400 1214 1487 4)
1283 1402 1661 1480 ueniebant,
1712 1409 2003 1468 mentem
2048 1402 2187 1467 eius
2234 1400 2514 1466 diuersis
2561 1397 3123 1486 proposieionibus

781 1516 846 1573 et
913 1506 1182 1597 inilquis
1250 1509 1792 1594 persuasionibus
1837 1509 2225 1594 affligentes,
2276 1514 2343 1573 et
2387 1530 2428 1573 a
2472 1507 2615 1572 uita
2663 1526 2941 1571 erronea
2979 1508 2987 1585 Ι
3031 1524 3116 1568 re·
3165 1527 3215 1563 20

1159 1688 1174 1705 ἱ
1485 1690 1495 1701 ο
1637 1617 1947 1701 sipiscere
1973 1615 2443 1681 admonebant.
2498 1634 2781 1698 cumque
2814 1614 2882 1677 in
2914 1607 3121 1676 huius-

672 1733 731 1788 10
745 1690 926 1812 “323¹
925 1688 1589 1826 Ὀᾶῖξὲθὶζὲἰὲἑῃὶξῖῑξέ
1636 1725 1805 1790 modi
1837 1722 2257 1788 sermonibus
2282 1720 2329 1802 5)
2376 1720 2511 1797 ἀίξῃ
2551 1717 3123 1785 morantesnichil
3175 1801 3178 1802 ⁷

781 1847 911 1914 nem
965 1832 1286 1916 conficiunt,
1327 1832 1427 1883 sed
1467 1848 1558 1884 an·
1634 1832 2041 1917 proficerent,
2096 1830 2229 1894 duo
2262 1829 2374 1893 alii
2408 1828 2725 1893 demones
2758 1819 3121 1913 horrijbiles
3462 1858 3468 1886 l

781 1902 891 1968 geh
933 1903 1068 1969 bon]
1117 1907 1343 1956 sanant.
1636 1938 1990 2003 confestim
2077 1937 2508 2022 apparebant,
2598 1935 2733 2020 qui,
2824 1934 3119 1998 tollentes
3463 1926 3465 1931 ’

776 2064 1020 2129 corpus
1066 2045 1223 2118 eius,
1270 2044 1277 2129 Ι
1321 2046 1514 2129 quasi
1560 2044 1817 2109 nudum
1865 2042 2270 2129 proiciebant
2315 2043 2397 2107 ad
2450 2049 2687 2107 terram
2734 2048 2814 2117 et,
2868 2038 3121 2105 duobus

783 2149 1118 2235 lapidibus
1187 2148 1657 2239 frilgidissimis
1682 2149 1727 2237 ⁰)
1797 2150 1962 2215 illud
2036 2150 2430 2227 diutissime,
2504 2171 2675 2215 unns
2738 2169 2779 2212 a
2836 2153 3116 2232 pectore,
3163 2165 3211 2203 2⁵

670 2274 730 2323 15
776 2258 943 2321 alter
1014 2278 1170 2323 uero
1236 2257 1244 2343 Ι
1309 2280 1348 2322 a
1396 2265 1601 2343 terge,
1673 2256 2179 2335 contundenteS,
2246 2278 2420 2341 pene
2466 2256 2549 2321 ad
2600 2245 3119 2339 exspiracionem

784 2363 1271 2450 perdulcebant.
1367 2366 1497 2450 (34)
1568 2386 1702 2449 quo
1770 2365 1966 2440 facte,
2019 2364 2276 2448 reliqua
2327 2363 2525 2429 turba
2572 2363 2930 2428 demonum
2976 2380 3118 2424 con-

777 2470 1125 2555 uenissebat,
1177 2493 1440 2537 numero
1491 2494 1705 2535 Lxxv1
1733 2469 1801 2553 ⁷),
1840 2478 2129 2555 quatuor
2176 2469 2508 2556 prioribus
2553 2469 2753 2534 simul
2796 2473 3112 2553 conputa'

774 2578 861 2641 tis
887 2575 962 2657 ⁵3);
1044 2579 1158 2661 qui
1234 2599 1458 2644 omnes
1530 2578 1876 2643 consilium
1949 2578 2260 2656 inierunt,
2311 2576 2593 2662 qualiter
2640 2578 2853 2662 ipsam
2902 2571 3116 2663 ualriis
3161 2593 3209 2629 ⁸0

776 2684 1130 2769 suppliciis
1201 2685 1736 2753 exterminarent.
1834 2692 1906 2749 nt
1952 2706 2125 2751 unns
2172 2684 2439 2770 quidem
2487 2705 2569 2749 ex
2616 2684 2815 2770 iplsis,
2867 2682 2982 2767 qui
3027 2680 3113 2765 ip-

667 2811 747 2876 2⁰,
773 2812 915 2856 sam
996 2792 1327 2876 lapidibus
1395 2793 1752 2870 tutuderat,
1826 2792 2194 2858 insultabat
2258 2793 2316 2856 ei
2383 2791 2414 2878 Ι
2456 2791 2713 2858 dicens:
2804 2783 3116 2866 »nonne⁹)

777 2883 985 2975 uides,
1064 2900 1233 2983 quod
1309 2907 1699 2985 potestatem
1769 2899 2095 2965 habemns
2141 2897 2482 2964 cruciandi
2524 2899 2531 2985 Ι
2574 2906 2637 2964 te
2686 2906 2753 2963 et
2798 2880 3114 2962 sanandi?

778 3006 1123 3090 parcimus
1170 3006 1290 3070 tibi
1341 3014 1405 3071 et
1453 3028 1782 3077 sanamus,
1815 3014 1890 3071 ut
1934 3007 2271 3093 grauioqra
2317 3013 2649 3072 tormenta
2692 2984 3109 3070 inferamus».

778 3119 1222 3196 rrenentesque
1289 3113 1430 3198 ipse
1487 3121 1551 3178 et
1597 3114 1816 3178 socius
1865 3111 1879 3202 Ι
1929 3113 2067 3178 eius
2115 3113 2436 3197 bipennes
2484 3113 2553 3178 in
2600 3111 2924 3187 manibus,
2974 3129 3112 3174 con·
3158 3132 3204 3172 35

773 3218 989 3282 silium
1040 3218 1369 3284 dederunt
1417 3220 1708 3303 reliquis,
1756 3263 1764 3304 3
1809 3220 2126 3285 dicentes:
2188 3219 2439 3304 »placet
2485 3218 2700 3295 uobis,
2750 3226 2825 3283 ut
2857 3217 3113 3282 dorsum

668 3355 728 3402 25
776 3327 920 3390 eius
969 3324 1052 3389 ad
1105 3325 1375 3391 modum
1422 3327 1620 3411 porjci
1672 3327 1944 3391 mactati
1994 3326 2396 3391 dissecemus
2442 3326 2571 3390 hiis
2619 3325 3021 3411 bipennibus
3052 3327 3113 3385 et

777 3431 994 3498 taliter
1042 3431 1277 3517 ipgsam
1328 3433 1849 3498 exterminemus
1875 3432 1996 3517 ¹⁰)‘?
2090 3432 2361 3516 Reliqua
2409 3453 2564 3498 uero
2612 3431 2812 3497 turba
2859 3449 3111 3515 respon-

775 3539 900 3602 dit:
969 3539 976 3622 Ι
1052 3559 1223 3603 ›>non
1297 3539 1603 3625 solum¹¹)
1673 3540 1803 3604 ista
1826 3538 1899 3624 12)
1971 3560 2146 3623 pena
2208 3538 2470 3611 sufficit,
2531 3540 2640 3604 sed
2687 3560 2810 3603 nos
2858 3536 3111 3621 singula

774 3642 1118 3733 memfflbra
1189 3645 1331 3710 eius
1402 3646 1587 3730 prius
1659 3653 1969 3711 truncare
2040 3645 2410 3710 uolumus».
2508 3653 2574 3709 et
2632 3667 2781 3710 cum
2828 3645 2951 3711 hec
2996 3649 3054 3708 et
3092 3644 3179 3723 {40
3208 3633 3385 3700 mffl'
3467 3679 3468 3712 1

779 3751 974 3834 plura
1044 3751 1423 3816 huiusmodi
1455 3751 1526 3836 13)
1598 3751 2061 3817 comminando
2132 3751 2416 3816 inuicem
2486 3752 2871 3817 conferrent
2896 3751 2985 3835 ¹⁴.),
3032 3758 3109 3813 te-

692 1206 722 1252 5
744 1154 848 1221 726
910 1154 1203 1206 daemones

993 3929 1029 3993 ¹)
1066 3937 1256 3982 leniore
1295 3938 1518 3982 remedio
1560 3940 1779 3984 sortasse
1819 3939 2145 3994 originariam
2187 3938 2453 3983 lectionem
2481 3937 2832 3995 adipiscimur,
2863 3935 3109 3995 sequendo

777 4028 817 4072 B
857 4035 1040 4085 usque
1078 4019 1138 4070 in
1179 4025 1419 4072 sextam.
1481 4027 1569 4072 sed
1609 4030 1717 4073 tum
1757 4030 1808 4072 et
1848 4040 1962 4072 eum
2001 4027 2041 4071 B
2082 4019 2427 4085 precedente
2465 4041 2511 4072 v.
2552 4027 2580 4071 2
2624 4031 2740 4083 post
2784 4027 2948 4071 uncte
2988 4027 3109 4071 iusi:-

772 4116 1004 4175 rendum.
1045 4114 1118 4159 cfr
1158 4115 1509 4161 Wollersheim
1546 4129 1596 4174 p.
1641 4117 1758 4170 229,
1798 4131 1844 4161 n.
1890 4118 1931 4161 1.
2045 4105 2083 4172 ²)
2119 4115 2195 4160 As
2230 4109 2604 4174 puniendaln,·
2648 4115 2736 4159 aad
2780 4119 2828 4159 et
2868 4119 2908 4159 E
2948 4119 3109 4159 tuetur

782 4197 1157 4263 puniendum.
1237 4194 1274 4255 *Ι
1313 4205 1385 4248 sic
1424 4205 1482 4258 B;
1520 4219 1598 4262 pr.
1625 4219 1691 4251 m.
1720 4199 1868 4250 inter
1904 4198 2011 4259 illi;
2053 4217 2180 4249 corr.
2211 4201 2284 4262 (et
2309 4200 2403 4260 As)
2428 4197 2576 4250 inter
2616 4199 2760 4247 illc-s.
2840 4199 2876 4251 ὗξι
2904 4219 3029 4251 eni-r.
3057 4215 3105 4247 ex

773 4285 1172 4351 predictorum.
1213 4292 1254 4336 B
1280 4305 1561 4339 cumcun-r.
1587 4295 1724 4340 facit.
1806 4285 1843 4348 ⁵)
1869 4295 1944 4338 AS
1974 4287 2032 4337 in
2071 4287 2163 4337 his
2202 4287 2580 4339 sermonibus.
2656 4287 2696 4311 ω
2724 4311 2852 4339 ηιμ-Γ.
2884 4311 2908 4339 e
2936 4279 3105 4339 fridis-

774 4373 952 4425 simiS.
1019 4372 1387 4436 rigidissimis
1425 4382 1693 4438 legendum
1734 4383 1931 4441 opinor,
1974 4383 2068 4427 nisi
2098 4382 2351 4427 malumus
2379 4383 2648 4440 confugere
2676 4383 2740 4427 ad
2776 4375 3105 4427 {lui-issimis.

773 4469 846 4512 cfr
885 4481 936 4525 p.
970 4470 1084 4522 180,
1113 4481 1158 4512 ν.
1189 4470 1234 4512 6.
1315 4459 1352 4521 ⁷)
1390 4471 1430 4514 B
1470 4471 1646 4525 XXVI,
1687 4471 1825 4529 quod
1864 4484 2041 4516 uerum
2082 4471 2304 4516 uidetur.
2362 4471 2479 4515 uide
2519 4471 2888 4519 wuillizrshvim.
2920 4487 2972 4531 p.
3000 4471 3109 4515 2213.

773 4571 820 4600 n.
852 4557 898 4600 2.
979 4547 1018 4611 Β)
1054 4556 1130 4600 AS
1171 4550 1466 4613 copulatis.
1543 4549 1582 4614 ⁹)
1619 4573 1766 4614 eorm
1804 4573 1880 4618 pr.
1909 4572 1973 4604 m.
2002 4553 2059 4603 in
2100 4567 2205 4603 me.
2288 4551 2346 4613 ¹⁰)
2369 4560 2504 4605 haud
2545 4560 2696 4604 dubie
2728 4555 2912 4619 plane-1
2956 4555 3109 4607 nohis

773 4644 1043 4702 legendum
1074 4646 1153 4688 est
1181 4646 1231 4687 et
1259 4645 1459 4701 signum
1489 4647 1832 4704 interrogandi
1862 4648 2241 4694 semouendum.
2322 4639 2381 4705 ¹¹)
2417 4650 2489 4693 sic
2528 4653 2576 4694 et
2608 4651 2664 4695 13.
2704 4651 2780 4695 ΑΒ
2804 4643 2944 4707 sola,
2984 4647 3109 4707 quud

773 4732 968 4778 utinam
998 4733 1271 4777 restituere
1299 4733 1551 4781 auderem.
1631 4726 1691 4789 ¹²)
1715 4736 1793 4781 As
1817 4718 1958 4795 ipsa.
2039 4726 2097 4790 ¹⁸)
2123 4730 2277 4781 modi
2306 4737 2420 4782 add.
2448 4751 2576 4784 corr.
2636 4732 2692 4788 ’ἢ
2720 4740 2792 4784 ΑΒ
2820 4736 3109 4784 inferrent.
