3567 5500
1570 537 1970 603 —238-

602 711 794 777 vestri
836 710 845 796 Ι
886 712 1207 796 peruenit.
1306 712 1716 779 Dilectionem
1785 735 1943 799 ergo
2014 724 2295 781 uestram
2356 717 2430 781 in
2476 717 2739 786 domino
2785 740 2946 803 rogo
3100 792 3103 794 Α

599 826 665 885 et
711 814 762 908 ΙΙΙ
812 819 1056 914 hortor.
1134 827 1462 893 Quatenus
1531 820 1613 885 ad
1686 822 2060 905 hospicium
2129 823 2322 888 uobis
2376 845 2416 888 a
2463 822 2744 901 domino,
2818 831 2892 889 ut
2934 824 2942 910 Ι
2990 855 3054 891 40
3095 843 3224 893 ωτι

596 926 856 1004 estimo,
908 934 1336 1012 preparatum
1386 947 1533 992 cum
1580 934 1805 993 uestro
1841 929 2049 994 fratre
2082 930 2361 1014 sigwino
2402 930 2411 1016 Ι
2454 950 2685 1002 secure
2719 932 2944 996 uenia-

596 1034 713 1112 tis;
786 1035 948 1118 quia
993 1054 1205 1118 spem,
1259 1033 1430 1118 quod
1479 1034 1696 1099 honor
1744 1035 1847 1099 dei
1898 1035 1969 1099 in
2017 1035 2254 1123 pafftria
2301 1057 2451 1101 mea
2497 1038 2742 1122 poterit
2787 1059 2942 1123 aug-

595 1140 883 1205 mentari
931 1162 1046 1226 per
1093 1147 1386 1205 uestrum
1445 1140 1855 1228 aduenltum.
1952 1141 2188 1220 valete,
2237 1143 2307 1207 in
2358 1142 2620 1208 domino
2669 1143 2939 1209 dilecta!

595 1267 764 1312 Deus
835 1249 1258 1333 omnipotens
1307 1245 1320 1336 Ι
1369 1248 1438 1314 in
1498 1249 1625 1313 hac
1673 1256 1860 1334 parte
1911 1270 2017 1313 nie
2043 1249 2087 1333 1)
2135 1251 2534 1328 consoletur,
2586 1257 2659 1318 vt
2703 1251 2772 1315 in
2818 1251 2944 1316 hac
2993 1281 3021 1319 5

517 1367 547 1414 5
595 1354 737 1419 uita
786 1375 1044 1420 merear
1084 1355 1092 1440 Ι
1136 1376 1488 1439 personam
1537 1362 1827 1421 uestram
1874 1355 2121 1421 uidere.
2168 1357 2176 1441 Ι

218 1571 315 1629 Ep.
354 1570 557 1618 XLvlt.
814 1550 945 1635 (35)
1036 1488 1472 1615 Karissime
1544 1550 1673 1616 sibi
1720 1552 1791 1615 in
1840 1552 2032 1617 cristo
2079 1551 2283 1629 ihesu,
2351 1572 2578 1617 amore
2642 1559 2889 1626 eternQ
2936 1550 2944 1638 Ι

595 1656 868 1721 cristine
940 1657 1022 1722 de
1093 1655 1423 1722 stumbele
1494 1664 1712 1722 Frater
1782 1664 2012 1742 petrus
2068 1657 2272 1722 lector
2312 1656 2321 1743 Ι
2364 1658 2688 1724 sinceram
2719 1658 2790 1723 in
2842 1657 2945 1723 do-

590 1765 772 1828 mino
819 1763 1239 1829 dilectionem
1285 1784 1432 1828 cum
1480 1764 1710 1829 salute.

805 1871 1087 1936 litteram
1137 1868 1150 1959 Ι
1198 1872 1271 1934 in
1340 1871 1466 1936 hac
1537 1870 1774 1936 eadem
1844 1869 2081 1936 cedula
2106 1870 2150 1957 ²)
2221 1871 2533 1956 scriptam
2601 1892 2686 1937 ex
2752 1878 2938 1956 parte
2992 1903 3050 1939 10

485 1988 546 2036 10
591 1978 820 2042 fratris
868 1976 1200 2064 iolhannis
1248 1977 1335 2042 ad
1382 1998 1568 2044 suam
1615 1998 1928 2063 magnam
1975 1978 2370 2043 instanciam
2402 1978 2656 2065 scripsi.
2720 1995 2881 2042 uam
2922 1978 2931 2064 Ι

490 2122 495 2126 ·
592 2105 851 2149 summo
899 2083 1230 2149 desiderio
1278 2085 1564 2158 affectat,
1615 2090 1690 2148 ut
1736 2084 1822 2148 ad
1872 2105 2159 2149 sororem
2205 2106 2392 2149 suam
2440 2083 2767 2170 uelniatia
2805 2095 2936 2149 non

590 2191 760 2267 ficte,
835 2192 946 2256 sed
1012 2182 1332 2272 seriose'ss)
1398 2190 1785 2268 intendens;
1862 2199 2088 2275 sperat
2128 2190 2137 2273 Ι
2179 2193 2371 2268 enim,
2431 2190 2604 2276 quod
2651 2205 2774 2276 per
2816 2212 2941 2255 uos

519 2342 522 2345 -
591 2298 804 2361 locum
869 2317 1167 2361 sororum
1214 2304 1582 2361 nostrarum
1633 2296 1799 2361 deus
1847 2292 2032 2386 uellit
2076 2296 2406 2363 decorare.
2506 2304 2689 2365 certa
2735 2297 2940 2363 eciam
2992 2326 3049 2365 15

588 2403 732 2468 sitis
755 2402 818 2488 4),
871 2403 1051 2489 quod
1078 2402 1126 2485 5)
1172 2423 1295 2488 ego
1343 2403 1517 2469 idem
1563 2404 1886 2481 desidem,
1933 2404 1941 2488 Ι
1985 2404 2141 2469 dum
2196 2405 2396 2469 modo
2445 2403 2691 2472 domini
2738 2424 2942 2489 super

482 2520 542 2569 15
590 2510 715 2575 hoc
746 2509 943 2596 plene
993 2510 1426 2595 intelligerem
1457 2509 1905 2598 uolluntatem.
1981 2510 2144 2584 Quid
2177 2510 2370 2576 uobis
2413 2532 2616 2597 super
2650 2512 2772 2576 hoc
2806 2511 2939 2594 pla·

587 2624 749 2695 ceat,
802 2617 1196 2705 delissberetis
1244 2625 1310 2681 et
1355 2638 1503 2682 cum
1550 2617 1784 2701 primis
1808 2615 1855 2703 6)
1903 2618 2108 2682 michi
2154 2618 2567 2685 uoluntatem
2600 2623 2883 2684 uestram
2924 2616 2934 2703 Ι

587 2745 790 2810 super
859 2724 985 2790 hoc
1055 2723 1464 2810 significetis.
1560 2724 1785 2809 plures
1850 2730 2022 2802 sunt,
2098 2724 2215 2809 qui
2285 2724 2567 2791 libenter
2614 2720 2628 2813 Ι
2676 2744 2798 2790 uos
2870 2722 2936 2789 in
2990 2753 3051 2792 80

591 2830 895 2915 partibus
944 2832 1176 2897 nostris
1224 2831 1546 2896 uiderent.

802 2939 1191 3028 Rarissima!
1241 2944 1470 3022 rogate
1511 2939 1519 3024 Ι
1562 2937 1774 3015 deum,
1827 2945 1905 3002 ut
1951 2938 2143 3003 uobis
2192 2938 2537 3022 significet,
2591 2937 2753 3023 quid
2803 2937 2936 3002 sibi

478 3052 541 3101 20
585 3045 847 3129 placeat
917 3043 998 3108 de
1042 3043 1049 3130 Ι
1092 3065 1296 3128 supra
1343 3044 1749 3109 memoratis.
1848 3044 2084 3130 scripsi
2131 3044 2323 3109 uobis
2371 3043 2578 3111 aliam
2624 3042 2933 3131 littelram

587 3151 773 3235 prius
845 3150 926 3214 de
997 3151 1204 3232 fratre
1274 3158 1496 3216 uestro
1567 3158 1633 3215 et
1678 3151 1761 3215 de
1809 3150 2114 3236 pluribus
2159 3150 2323 3227 aliis,
2371 3151 2378 3235 Ι
2422 3172 2554 3234 que
2603 3151 2778 3216 circa
2826 3171 2962 3215 me.

584 3257 1023 3340 contigerunt.
1119 3257 1504 3322 karissima!
1580 3278 1786 3322 sanus
1857 3279 2005 3321 sum
2079 3254 2093 3346 Ι
2165 3279 2453 3342 corpore.
2574 3278 2659 3322 De
2723 3257 2935 3322 fratre
2988 3285 3049 3324 25

583 3369 808 3428 uestro
879 3370 1091 3432 certos
1160 3382 1463 3428 rumores
1521 3363 1710 3428 vobis
1754 3363 1760 3449 Ι
1804 3364 1887 3429 de
1934 3365 2227 3448 capitulo
2276 3371 2491 3429 nostro
2538 3362 2939 3453 prouinciali

512 3482 519 3487 ’
583 3468 939 3534 rescribam
1007 3476 1073 3534 et
1143 3469 1224 3534 de
1293 3470 1440 3534 aliis
1482 3472 1490 3556 Ι
1533 3470 2073 3556 quibuscumque,
2148 3491 2279 3556 que
2350 3492 2473 3535 uos
2521 3471 2688 3535 scire
2736 3469 2937 3534 credo

475 3585 536 3634 25
584 3575 916 3663 expedi-re.
993 3574 1294 3663 Histinium
1342 3577 1444 3639 fui
1478 3574 1520 3663 7)
1568 3584 1946 3661 occupatu-8,
1983 3576 2253 3662 quando
2293 3577 2469 3641 hanc
2501 3576 2811 3641 cedulam
2833 3574 2879 3661 8)
2921 3575 2930 3662 Ι

581 3683 837 3766 scripsi,
912 3681 1162 3747 scilicet
1217 3683 1290 3746 in
1337 3688 1576 3747 octaua
1599 3681 1644 3767 9)
1691 3682 2191 3768 assumpcionis.
2288 3679 2601 3771 priolrem
2648 3682 2937 3747 litteram
2986 3712 3049 3750 30

579 3788 845 3861 faciatis
893 3789 1145 3872 requiri
1193 3810 1233 3853 a
1279 3789 1482 3854 fratre
1530 3789 1819 3854 iohanne
1868 3788 1950 3854 de
1992 3789 2000 3876 Ι
2043 3787 2408 3873 miifeltorp
2435 3788 2527 3875 ¹⁰),
2581 3787 2685 3855 vel
2728 3788 2935 3853 fratre

583 3894 864 3960 cerardo
899 3893 981 3959 de
1019 3895 1312 3980 grifone3
1364 3917 1516 3960 uam
1557 3896 1565 3981 Ι
1607 3896 1736 3960 illis
1769 3917 1921 3960 eam
1955 3896 2109 3960 misi
2141 3918 2260 3980 per
2291 3896 2672 3972 iohannem,
2708 3895 2934 3960 ciuem

582 4001 1044 4079 coloniensem,
1091 4000 1099 4086 Ι
1142 4002 1503 4086 agnomine
1530 4001 1607 4083 11)
1679 4001 2088 4086 stoltenberg
2113 4001 2204 4086 1²³).
2275 4001 2511 4080 valete,
2569 4002 2933 4067 karissima

472 4117 534 4165 30
580 4109 653 4173 in
687 4107 984 4173 domino!
1017 4105 1023 4194 Ι
1054 4108 1339 4173 salutate
1372 4107 1624 4172 amicos
1660 4115 1902 4174 uestros
1936 4115 2001 4173 et
2034 4130 2235 4185 meos,
2265 4108 2383 4193 qui
2409 4107 2582 4174 idem
2603 4105 2678 4194 ¹³)
2710 4114 2884 4172 sunt.
2913 4104 2932 4195 Ι
2987 4138 3049 4177 35

797 4322 835 4378 1)
888 4345 1018 4378 corr.
1045 4331 1162 4378 add.
1190 4340 1298 4376 me.
1376 4320 1416 4389 2)
1439 4331 1516 4375 AS
1556 4323 1847 4375 schedula.
1925 4320 1965 4388 Β)
1989 4343 2118 4375 corr.
2146 4343 2223 4388 pr.
2251 4342 2317 4374 m.
2346 4321 2658 4387 superiore.
2735 4319 2776 4386 ⁴)
2799 4321 2933 4374 sitis

578 4422 684 4467 exit
722 4422 772 4466 in
810 4434 912 4466 ras.
990 4412 1029 4479 5)
1066 4414 1218 4479 quod
1258 4420 1461 4465 restitui
1499 4432 1594 4477 pro
1633 4417 1707 4477 et,
1735 4419 1873 4477 quod
1914 4421 1992 4463 est
2031 4419 2079 4463 in
2119 4419 2251 4463 libro
2278 4410 2351 4475 (et
2379 4418 2428 4462 in
2456 4414 2571 4470 AS).
2628 4406 2669 4476 ⁶)
2693 4430 2826 4463 corr.
2856 4412 2933 4475 (et

577 4504 676 4568 AS)
717 4511 897 4555 inserit
936 4502 1176 4556 nunciis,
1279 4500 1318 4567 7)
1352 4508 1484 4553 liber
1517 4502 1643 4552 fuit.
1746 4499 1783 4560 ⁸)
1822 4507 1900 4552 AS
1938 4500 2289 4552 schedulam.
2389 4496 2427 4562 ⁹)
2464 4506 2541 4577 ΑΒ
2579 4499 2653 4551 ab
2691 4499 2930 4553 Octava.

584 4590 648 4659 ¹⁰)
687 4599 765 4646 As
802 4592 874 4644 de
913 4592 1281 4658 Musseltorp.
1340 4610 1470 4642 corr.
1508 4597 1623 4642 add.
1663 4591 1752 4642 de.
1850 4587 1912 4655 11)
1953 4609 2100 4651 corr.;
2138 4610 2215 4655 pr.
2255 4609 2322 4641 m.
2360 4588 2605 4654 agmine.
2701 4584 2758 4651 1⁵¹)
2795 4595 2933 4641 liber

576 4692 666 4735 aut
705 4681 1065 4747 stoltenberg
1092 4691 1181 4734 aut
1219 4680 1598 4744 stolcenberg.
1645 4689 1722 4732 As
1761 4679 2137 4744 Stolienberg.
2216 4675 2275 4738 ¹⁸)
2313 4699 2391 4743 pr.
2420 4698 2506 4740 m.;
2544 4696 2675 4731 corr.
2701 4675 2930 4730 ibidem.
